@misc{yoshida2018cheeger,
      title={Cheeger Inequalities for Submodular Transformations}, 
      author={Yuichi Yoshida},
      year={2018},
      eprint={1708.08781},
      archivePrefix={arXiv},
      primaryClass={cs.DS}
}

@misc{Radu_Laplacian,
      author = {Radu Horaud},
      title = {A Short Tutorial on Graph Laplacians, Laplacian Embedding, and Spectral Clustering},
      note = {\url{https://csustan.csustan.edu/~tom/Lecture-Notes/Clustering/GraphLaplacian-tutorial.pdf}}
}

@misc{Arora_Laplacian,
      author = {Taaniya Arora},
      title = {Graph Laplacian and its application in Machine learning},
      note = {\url{https://towardsdatascience.com/graph-laplacian-and-its-application-in-machine-learning-7d9aab021d16}}
}

@book{chung1997spectral,
  title={Spectral graph theory},
  author={Chung, Fan RK and Graham, Fan Chung},
  number={92},
  year={1997},
  publisher={American Mathematical Soc.}
}

@misc{Syed_submodular,
      author = {Saifuddin Syed},
      title = {Submodularity in Machine Learning},
      note = {\url{https://www.cs.ubc.ca/labs/lci/mlrg/slides/mlrg_submodularity.pdf}}
}

@misc{Kun_submodular,
      author = {Jeremy Kun},
      title = {When Greedy Algorithms are Good Enough: Submodularity and the (1 – 1/e)-Approximation},
      note = {\url{https://jeremykun.com/2014/07/07/when-greedy-algorithms-are-good-enough-submodularity-and-the-1-1e-approximation/}}
}

@misc{Vondrák_lovasz,
      author = {Jan Vondrák},
      title = {Optimization of Submodular Functions Tutorial - lecture I},
      note = {\url{https://theory.stanford.edu/~jvondrak/data/submod-tutorial-1.pdf}}
}

@misc{directed_cyt,
      title = {A cut in directed graph},
      note = {\url{https://math.stackexchange.com/questions/1419736/a-cut-in-directed-graph}}
}